<?xml version="1.0" encoding="UTF-8"?><collection xmlns="http://www.loc.gov/MARC21/slim"><record><leader>00572nam--2200157-i-4500</leader><controlfield tag="001">000023023</controlfield><controlfield tag="002">20161230</controlfield><controlfield tag="005">20161230201034</controlfield><controlfield tag="008">060222s1000------------r-----000-0-eng-d</controlfield><datafield ind1=" " ind2=" " tag="080"><subfield code="a">517.63</subfield></datafield><datafield ind1=" " ind2=" " tag="100"><subfield code="a">Jaeger, J.C.Si Newstead, G.H</subfield></datafield><datafield ind1=" " ind2=" " tag="245"><subfield code="a">Introducere in teoria transformarii laplace cu aplicatii in tehnica. traducere din limba engleza dupa editia a treia (1969). tabelul de corespondente din anexa: p.buhus</subfield></datafield><datafield ind1=" " ind2=" " tag="260"><subfield code="a">Bucuresti, Ed.Tehnica, 1971, 203 P</subfield></datafield><datafield ind1=" " ind2=" " tag="490"><subfield code="a">Seria Matematicii Moderne Aplicate</subfield></datafield><datafield ind1=" " ind2=" " tag="852"><subfield code="a">34011</subfield><subfield code="c">517.63</subfield></datafield><datafield ind1=" " ind2=" " tag="CAT"><subfield code="a">Sys</subfield><subfield code="c">20080916</subfield><subfield code="h">105616</subfield></datafield></record></collection>